@online{AprilTags,
url = {https://april.eecs.umich.edu/software/apriltag.html},
}
